<record><leader>00000cas a22000007a 4500</leader><controlfield tag="001">9719047</controlfield><controlfield tag="008">830720d18711885nyuwr ne      0    0eng d</controlfield><controlfield tag="009">3781</controlfield><datafield ind1=" " ind2=" " tag="010"><subfield code="a">sn 83030946 </subfield></datafield><datafield ind1=" " ind2=" " tag="040"><subfield code="a">NPU</subfield><subfield code="b">eng</subfield><subfield code="c">NPU</subfield><subfield code="d">NPX</subfield><subfield code="d">NYS</subfield><subfield code="d">OCLCQ</subfield><subfield code="d">KRTAS</subfield></datafield><datafield ind1="1" ind2=" " tag="029"><subfield code="a">AU@</subfield><subfield code="b">000025829210</subfield></datafield><datafield ind1=" " ind2=" " tag="042"><subfield code="a">msc</subfield></datafield><datafield ind1="0" ind2=" " tag="130"><subfield code="a">Boonville herald (Boonville, N.Y.)</subfield></datafield><datafield ind1="0" ind2="4" tag="245"><subfield code="a">The Boonville herald.</subfield></datafield><datafield ind1=" " ind2=" " tag="260"><subfield code="a">Boonville, N.Y. :</subfield><subfield code="b">H.P. Willard,</subfield><subfield code="c">1871-1885.</subfield></datafield><datafield ind1=" " ind2=" " tag="300"><subfield code="a">16 v. ;</subfield><subfield code="c">63 cm.</subfield></datafield><datafield ind1=" " ind2=" " tag="310"><subfield code="a">Weekly</subfield></datafield><datafield ind1="0" ind2=" " tag="362"><subfield code="a">Vol. 17, no. 1 (March 9, 1871)-v. 32, no. 9 (April 30, 1885).</subfield></datafield><datafield ind1=" " ind2=" " tag="500"><subfield code="a">Editor: Harvey P. Willard, &lt;1876&gt;.</subfield></datafield><datafield ind1=" " ind2="4" tag="651"><subfield code="a">Boonville (N.Y.)</subfield><subfield code="v">Newspapers.</subfield></datafield><datafield ind1=" " ind2="4" tag="651"><subfield code="a">Oneida County (N.Y.)</subfield><subfield code="v">Newspapers.</subfield></datafield><datafield ind1=" " ind2=" " tag="752"><subfield code="a">United States</subfield><subfield code="b">New York</subfield><subfield code="c">Oneida</subfield><subfield code="d">Boonville.</subfield></datafield><datafield ind1="0" ind2="0" tag="780"><subfield code="t">Black River herald</subfield><subfield code="w">(DLC)sn 83030947</subfield><subfield code="w">(OCoLC)9719327</subfield></datafield><datafield ind1="0" ind2="0" tag="785"><subfield code="t">Boonville herald and Adirondack tourist</subfield><subfield code="w">(DLC)sn 86033356</subfield></datafield><datafield ind1=" " ind2=" " tag="938"><subfield code="a">Kirtas Technologies, Inc.</subfield><subfield code="b">KRTS</subfield><subfield code="n">737114</subfield></datafield></record>